<mx:record xmlns="http://www.w3.org/TR/xhtml1/strict" xmlns:mx="http://www.loc.gov/MARC21/slim" xmlns:xsi="http://www.w3.org/2001/XMLSchema-instance"><mx:leader>00037nz  2200037n  45 0</mx:leader><mx:controlfield tag="001">oca07768909 </mx:controlfield><mx:controlfield tag="005">20080515142332.0</mx:controlfield><mx:controlfield tag="008">080514n| acannaabn          |a aaa     c</mx:controlfield><mx:datafield ind1=" " ind2=" " tag="010"><mx:subfield code="a">no2008072427</mx:subfield></mx:datafield><mx:datafield ind1=" " ind2=" " tag="040"><mx:subfield code="a">UPB</mx:subfield><mx:subfield code="b">eng</mx:subfield><mx:subfield code="c">UPB</mx:subfield></mx:datafield><mx:datafield ind1="0" ind2=" " tag="100"><mx:subfield code="a">Dionysius,</mx:subfield><mx:subfield code="c">of Sinope,</mx:subfield><mx:subfield code="d">4th cent. B.C.</mx:subfield></mx:datafield><mx:datafield ind1="0" ind2=" " tag="400"><mx:subfield code="a">Dionysios,</mx:subfield><mx:subfield code="c">of Sinope,</mx:subfield><mx:subfield code="d">4th cent. B.C.</mx:subfield></mx:datafield><mx:datafield ind1=" " ind2=" " tag="670"><mx:subfield code="a">Six comic poets, 2008:</mx:subfield><mx:subfield code="b">p. 150 (Dionysius, Dionysios, fl. second half of 4th cent. B.C.)</mx:subfield></mx:datafield><mx:datafield ind1=" " ind2=" " tag="670"><mx:subfield code="a">Oxford classical dict., 1996:</mx:subfield><mx:subfield code="b">p. 479 (Dionysius, of Sinope, middle comedy poet)</mx:subfield></mx:datafield></mx:record>